
@Article{6G,
  author = 	 {Khaled B. Letaief; Wei Chen; Yuanming Shi; Jun Zhang; Ying-Jun Angela Zhang},
  title = 	 {The Roadmap to 6G: AI Empowered Wireless Networks},
  journal = 	 { IEEE Communications Magazine },
  year = 	 2019,
  volume =	 {57},
  number =	 8,
  pages =	 {84-90},
  month =	 {August}
}

