%---------------------------------------------------------------------------CARLOS

%========imagenes
@Misc{amfe,
  OPTkey = 	 {},
  author = 	 {Adriana G\'omez Villoldo},
  note = 	 {\url{http://asesordecalidad.blogspot.com/2017/06/amfe-analisis-modal-de-fallos-y-efectos.html}},
  howpublished = {},
  OPTmonth = 	 {},
  OPTyear = 	 {},
  title = 	 {An\'alisis modal de fallos y efectos},
  OPTannote = 	 {}
}


@Misc{hazop,
  OPTkey = 	 {},
  author = 	 {SlidePlayer},
  note = 	 {\url{https://slideplayer.es/slide/11119155/}},
  howpublished = {},
  OPTmonth = 	 {},
  OPTyear = 	 {},
  title = 	 {Hazop},
  OPTannote = 	 {}
}

@Misc{lopa,
  OPTkey = 	 {},
  author = 	 {GATE Energy.},
  note = 	 {\url{https://gate.energy/the-arrow-blog/pme/opsread/gat2004-gkp-2014-07/introduction-to-layer-of-protection-analysis-lopa}},
  howpublished = {},
  OPTmonth = 	 {},
  OPTyear = 	 {},
  title = 	 {Lopa},
  OPTannote = 	 {}
}


@Misc{daf,
  OPTkey = 	 {},
  author = 	 {Leedeo Engineering, S. L.},
  note = 	 {\url{https://www.leedeo.es/l/fta/}},
  howpublished = {},
  OPTmonth = 	 {},
  OPTyear = 	 {},
  title = 	 {Diagrama \'arbol de fallas},
  OPTannote = 	 {}
}
%========fin imagenes

@Misc{incibe,
  OPTkey = 	 {},
  author = 	 {Incibe},
  note = 	 {\url{https://www.incibe.es/protege-tu-empresa/blog/amenaza-vs-vulnerabilidad-sabes-se-diferencian}},
  howpublished = {},
  OPTmonth = 	 {},
  OPTyear = 	 {},
  title = 	 {Amenaza vs vulnerabilidad},
  OPTannote = 	 {}
}


@Misc{ransomware,
  OPTkey = 	 {},
  author = 	 {Kasperski Lab},
  note = 	 {\url{https://latam.kaspersky.com/resource-center/definitions/what-is-ransomware} },
  howpublished = {},
  OPTmonth = 	 {},
  OPTyear = 	 {},
  title = 	 {Ransomware},
  OPTannote = 	 {}
}

@Misc{sql_injection,
  OPTkey = 	 {},
  author = 	 {Diego L\'azaro},
  note = 	 {\url{https://infosegur.wordpress.com/tag/integridad/} },
  howpublished = {},
  OPTmonth = 	 {},
  OPTyear = 	 {},
  title = 	 {Ataques SQL Injection en PHP},
  OPTannote = 	 {}
}

@Misc{vulnerabilidades,
  OPTkey = 	 {},
  author = 	 {ENIIT Innova Business School},
  note = 	 {\url{https://www.campusciberseguridad.com/blog/item/118-tipos-de-vulnerabilidades-en-ciberseguridad} },
  howpublished = {},
  OPTmonth = 	 {},
  OPTyear = 	 {},
  title = 	 {Tipos de vulnerabilidad en ciberseguridad},
  OPTannote = 	 {}
}

@Misc{infosegur,
  OPTkey = 	 {},
  author = 	 {Infosegur},
  note = 	 {\url{https://infosegur.wordpress.com/tag/integridad/} },
  howpublished = {},
  OPTmonth = 	 {},
  OPTyear = 	 {},
  title = 	 {Definici\'on de integridad},
  OPTannote = 	 {}
}

@Misc{vulnerabilidades2,
  OPTkey = 	 {},
  author = 	 {Tecnolog\'ias + Inform\'atica},
  note = 	 {\url{https://www.tecnologia-informatica.com/vulnerabilidades-informaticas/}},
  howpublished = {},
  OPTmonth = 	 {},
  OPTyear = 	 {},
  title = 	 {Vulnerabilidades inform\'aticas},
  OPTannote = 	 {}
}


@Misc{ambit,
  OPTkey = 	 {},
  author = 	 {Ambit},
  note = 	 {\url{https://www.ambit-bst.com/blog/an%C3%A1lisis-de-riesgos-inform%C3%A1ticos-y-ciberseguridad}},
  howpublished = {},
  OPTmonth = 	 {},
  OPTyear = 	 {},
  title = 	 {An\'alisis de riesgos inform\'aticos y ciberseguridad},
  OPTannote = 	 {}
}


@Misc{wikip,
  OPTkey = 	 {},
  author = 	 {Wikipedia},
  note = 	 {\url{https://es.wikipedia.org/wiki/An%C3%A1lisis_de_riesgo_inform%C3%A1tico} },
  howpublished = {},
  OPTmonth = 	 {},
  OPTyear = 	 {},
  title = 	 {An\'alisis de riesgo inform\'atico},
  OPTannote = 	 {}
}

@Misc{comision_europea,
  OPTkey = 	 {},
  author = 	 {Comisi\'on Europea},
  note = 	 {\url{https://ec.europa.eu/info/law/law-topic/data-protection/reform/rules-business-and-organisations/legal-grounds-processing-data/sensitive-data/what-personal-data-considered-sensitive_es}},
  howpublished = {},
  OPTmonth = 	 {},
  OPTyear = 	 {},
  title = 	 {Datos personales sensibles},
  OPTannote = 	 {}
}

@Misc{isot,
  OPTkey = 	 {},
  author = 	 {ISOTools},
  note = 	 {\url{https://www.isotools.org/2015/08/06/en-que-consiste-una-matriz-de-riesgos/}},
  howpublished = {},
  OPTmonth = 	 {},
  OPTyear = 	 {},
  title = 	 {Matriz de riesgos},
  OPTannote = 	 {}
}


@Misc{bibdigital,
  OPTkey = 	 {},
  author = 	 {Elizabeth Diana Racines Moncayo},
  note = 	 {\url{https://bibdigital.epn.edu.ec/bitstream/15000/8499/3/CD-5741.pdf}},
  howpublished = {},
  OPTmonth = 	 {},
  OPTyear = 	 {},
  title = 	 {An\'alisis e integraci\'on de los modelos aplicados a riesgos tecnol\'ogicos},
  OPTannote = 	 {}
}

@Misc{gestion_activos,
  OPTkey = 	 {},
  author = 	 {PMG SSI},
  note = 	 {\url{https://www.pmg-ssi.com/2017/01/como-gestionar-activos-informacion-sgsi/} },
  howpublished = {},
  OPTmonth = 	 {},
  OPTyear = 	 {},
  title = 	 {Gestionar los activos de informaci\'on seg\'un SGSI},
  OPTannote = 	 {}
}

@Misc{incibe2,
  OPTkey = 	 {},
  author = 	 {Incibe},
  note = 	 {\url{https://www.incibe-cert.es/sites/default/files/paginas/publicaciones/ensi/ensi_arli-cib_01_metodologia-aarr_borrador.pdf}},
  howpublished = {},
  OPTmonth = 	 {},
  OPTyear = 	 {},
  title = 	 {ENSI\_ARLI-CIB\_01- Modelo de An\'alisis de Riesgos
Ligero de Ciberseguridad en Sistemas de Control
Industrial (ARLI-CIB) },
  OPTannote = 	 {}
}

@Misc{ministerio,
  OPTkey = 	 {},
  author = 	 {Ministerio de hacienda y administraciones p\'ublicas},
  note = 	 {\url{https://www.ccn-cert.cni.es/documentos-publicos/1789-magerit-libro-i-metodo/file.html} },
  howpublished = {},
  OPTmonth = 	 {},
  OPTyear = 	 {},
  title = 	 {MAGERIT – versi\'on 3.0},
  OPTannote = 	 {}
}

@Misc{diagrama-pescado,
  OPTkey = 	 {},
  author = 	 {Jeison Arenhart De Bastiani y Rosemary Martins},
  note = 	 {\url{https://blogdelacalidad.com/diagrama-de-ishikawa/}},
  howpublished = {},
  OPTmonth = 	 {},
  OPTyear = 	 {},
  title = 	 {Diagrama de Ishikawa},
  OPTannote = 	 {}
}

@Misc{herramientas-evaluacion-riesgos,
  OPTkey = 	 {},
  author = 	 {EALDE business school},
  note = 	 {\url{https://www.ealde.es/herramientas-evaluacion-de-riesgos/}},
  howpublished = {},
  OPTmonth = 	 {},
  OPTyear = 	 {},
  title = 	 {7 herramientas para la evaluaci\'on de riesgos},
  OPTannote = 	 {}
}
%----------------------------------------------------------------------    -DAVID-------
@TechReport{ bsecure,
	title = "bSecure Conference",
	author = "ISACA",
	institution = "Information Systems Audit and Control Association" ,
	year = "2017"
}
 
@Book{pwc,
  author = 	 {Gonzalo Sanchez},
  title = 	 {Temas candentes de la Ciberseguridad: Un nuevo espacio lleno de incognitas},
  publisher = 	 {PwC},
  year = 	 {},
  series =	 {}
}

@Misc{ciberataque-rai,
  OPTkey = 	 {},
  author = 	 {Real Academia de la Ingenier\'ia},
  note = 	 {\url{http://diccionario.raing.es/es/lema/ciberataque} [Ultimo acceso 25/diciembre/2020]},
  howpublished = {},
  OPTmonth = 	 {},
  OPTyear = 	 {},
  title = 	 {},
  OPTannote = 	 {}
}

@Misc{ciberataque-ieee,
  OPTkey = 	 {},
  author = 	 { Instituto Español de Estudios Estrat\'egicos},
  note = 	 {\url{https://www.capitalmexico.com.mx/sociedad/la-diferencias-entre-ciberataque-y-ciberterrorismo/} [Ultimo acceso 25/diciembre/2020]},
  howpublished = {},
  OPTmonth = 	 {},
  OPTyear = 	 {},
  title = 	 {},
  OPTannote = 	 {}
}

@Misc{akamai,
  OPTkey = 	 {},
  author = 	 {Akamai},
  note = 	 {\url{https://www.akamai.com/es/es/resources/cyber-attacks.jsp} [Ultimo acceso 26/diciembre/2020]},
  howpublished = {},
  OPTmonth = 	 {},
  OPTyear = 	 {},
  title = 	 {Ciberataques},
  OPTannote = 	 {}
}

@Misc{armor,
  OPTkey = 	 {},
  author = 	 {ClickArmor},
  note = 	 {\url{https://clickarmor.ca/spear-phishing-vs-regular-phishing/} [Ultimo acceso 26/diciembre/2020]},
  howpublished = {},
  OPTmonth = 	 {},
  OPTyear = 	 {},
  title = 	 {What is the difference between spear phishing and regular phishing?},
  OPTannote = 	 {}
}

@Misc{ciberataques,
  OPTkey = 	 {},
  author = 	 {Tecnologia para los negocios},
  note = 	 {\url{https://ticnegocios.camaravalencia.com/servicios/tendencias/que-es-un-ciberataque-y-que-tipos-existen/} [Ultimo acceso 27/diciembre/2020]},
  howpublished = {},
  OPTmonth = 	 {},
  OPTyear = 	 {},
  title = 	 {Qu\'e es un ciberataque y qu\'e tipos existen},
  OPTannote = 	 {}
}

@Misc{sqli,
  OPTkey = 	 {},
  author = 	 {PortSwigger},
  note = 	 {\url{https://portswigger.net/web-security/sql-injection} [Ultimo acceso 27/diciembre/2020]},
  howpublished = {},
  OPTmonth = 	 {},
  OPTyear = 	 {},
  title = 	 {SQL Injection},
  OPTannote = 	 {}
}

@Misc{xss,
  OPTkey = 	 {},
  author = 	 {PortSwigger},
  note = 	 {\url{https://portswigger.net/web-security/cross-site-scripting} [Ultimo acceso 27/diciembre/2020]},
  howpublished = {},
  OPTmonth = 	 {},
  OPTyear = 	 {},
  title = 	 {Cross site scripting},
  OPTannote = 	 {}
}

@Misc{malware,
  OPTkey = 	 {},
  author = 	 {Xataka},
  note = 	 {\url{https://www.xataka.com/basics/malware-que-que-tipos-hay-como-evitarlos} [Ultimo acceso 27/diciembre/2020]},
  howpublished = {},
  OPTmonth = 	 {},
  OPTyear = 	 {},
  title = 	 {Malware: qu\'e es, qu\'e tipos hay y c\'omo evitarlos},
  OPTannote = 	 {}
}

@Misc{xss2,
  OPTkey = 	 {},
  author = 	 {Business School},
  note = 	 {\url{https://blogs.imf-formacion.com/blog/tecnologia/xss-que-es-y-como-funciona-201805/} [Ultimo acceso 27/diciembre/2020]},
  howpublished = {},
  OPTmonth = 	 {},
  OPTyear = 	 {},
  title = 	 {XSS: qu\'e es y c\'omo funciona el Cross Site Scripting},
  OPTannote = 	 {}
}

@Misc{ddos,
  OPTkey = 	 {},
  author = 	 {Oficina de Seguridad del Internauta},
  note = 	 {\url{https://www.osi.es/es/actualidad/blog/2018/08/21/que-son-los-ataques-dos-y-ddos} [Ultimo acceso 27/diciembre/2020]},
  howpublished = {},
  OPTmonth = 	 {},
  OPTyear = 	 {},
  title = 	 {¿Q\'e son los ataques DoS y DDoS?},
  OPTannote = 	 {}
}

@Misc{pri,
  OPTkey = 	 {},
  author = 	 {TICbeat},
  note = 	 {\url{https://www.ticbeat.com/seguridad/como-disenar-un-plan-de-respuesta-a-ciberataques/} [Ultimo acceso 28/diciembre/2020]},
  howpublished = {},
  OPTmonth = 	 {},
  OPTyear = 	 {},
  title = 	 {¿C\'omo crear un plan de respuesta a ciberataques?},
  OPTannote = 	 {}
}

@Article{ibm-article,
  author = 	 {IBM},
  title = 	 {IBM: 2020 Cyber Resilient Organisation Report},
  journal = 	 {ELSEVIER Network Security},
  year = 	 2020,
  volume =	 {2020},
  number =	 7,
  pages =	 {1-4},
  month =	 {July}
}
%----------------------------------------------------------------------    -ALBERTO-------

@Misc{info,
OPTkey = {},
author = {Raquel Miguel Ant\'on},
note = {\url{https://www.eoi.es/blogs/scm/2013/02/21/sistemas-de-informacion-empresarial} [Ultimo acceso 27/diciembre/2020]},
howpublished = {},
OPTmonth = {},
OPTyear = {},
title = {Sistemas de Informaci\'on empresarial},
OPTannote = {}
}

@Misc{proteccion,
OPTkey = {},
author = {Equipo de Expertos viu},
note = {\url{https://www.universidadviu.com/int/actualidad/nuestros-expertos/que-es-la-seguridad-informatica-y-como-puede-ayudarme } [Ultimo acceso 27/diciembre/2020]},
howpublished = {},
OPTmonth = {},
OPTyear = {},
title = {¿Qu\'e es la seguridad inform\'atica y c\'omo puede ayudarme?},
OPTannote = {}
}
@Misc{caracteristicasseguridad,
OPTkey = {},
author = {Universidad de Alicante},
note = {\url{https://moodle201819.ua.es/moodle/pluginfile.php/153218/mod_resource/content/7/seguridad/caractersticas_de_un_sistema_seguro.html} [Ultimo acceso 27/diciembre/2020]},
howpublished = {},
OPTmonth = {},
OPTyear = {},
title = {Caracter\'isticas de un sistema seguro},
OPTannote = {}
}
@Misc{activaypasiva,
OPTkey = {},
author = {Sophos },
note = {\url{https://cepymenews.es/seguridad-activa-pasiva-equipos-informaticos} [Ultimo acceso 28/diciembre/2020]},
howpublished = {},
OPTmonth = {},
OPTyear = {},
title = {Seguridad activa y pasiva en equipos inform\'aticos },
OPTannote = {}
}
@Misc{tiposseguridad,
OPTkey = {},
author = {Hard2bit},
note = {\url{https://hard2bit.com/blog/tipos-de-seguridad-informatica-cuales-son-y-que-importancia-tienen/} [Ultimo acceso 28/diciembre/2020]},
howpublished = {},
OPTmonth = {},
OPTyear = {},
title = {Tipos de seguridad inform\'atica: ¿Cu\'ales son y qu\'e importancia tienen?},
OPTannote = {}
}

@Misc{raid,
OPTkey = {},
author = {Yubal Fernandez },
note = {\url{ https://www.xataka.com/basics/raid-discos-duros-que-sus-principales-tipos} [Ultimo acceso 28/diciembre/2020]},
howpublished = {},
OPTmonth = {},
OPTyear = {},
title = {RAID de discos duros: qu\'e son y sus principales tipos},
OPTannote = {}
}
@Misc{sai,
OPTkey = {},
author = {},
note = {\url{ https://www.rackonline.es/content/que-es-un-sai-y-tipos-de-sai
} [Ultimo acceso 28/diciembre/2020]},
howpublished = {},
OPTmonth = {},
OPTyear = {},
title = {Qu\'e es un SAI y tipos de SAI},
OPTannote = {}
}
@Misc{firewall,
OPTkey = {},
author = {},
note = {\url{https://www.textoscientificos.com/redes/firewalls-distribuidos/firewalls/convencionales} [Ultimo acceso 29/diciembre/2020]},
howpublished = {},
OPTmonth = {},
OPTyear = {},
title = {Firewalls convencionales },
OPTannote = {}
}

@Misc{proxy,
OPTkey = {},
author = {Javier Jimen\'ez},
note = {\url{https://www.redeszone.net/tutoriales/redes-cable/tipos-proxys-internet/} [Ultimo acceso 29/diciembre/2020]},
howpublished = {21 de diciembre de 2019},
OPTmonth = {},
OPTyear = {},
title = {Tipos de proxy y qu\'e usos tienen },
OPTannote = {}
}
@Misc{proxy2,
OPTkey = {},
author = {Margaret Rouse},
note = {\url{https://searchdatacenter.techtarget.com/es/definicion/Servidor-Proxy/} [Ultimo acceso 29/diciembre/2020]},
howpublished = {},
OPTmonth = {},
OPTyear = {},
title = {Servidor Proxy},
OPTannote = {}
}
@Misc{antivirus,
OPTkey = {},
author = { },
note = {\url{https://www.ecured.cu/Antivirus_inform%C3%A1tico/} [Ultimo acceso 29/diciembre/2020]},
howpublished = {},
OPTmonth = {},
OPTyear = {},
title = {Antivirus inform\'atico },
OPTannote = {}
}
@Misc{certificado,
OPTkey = {},
author = { },
note = {\url{https://firmaelectronica.gob.es/Home/Ciudadanos/Certificados-Electronicos.html} [Ultimo acceso 29/diciembre/2020]},
howpublished = {},
OPTmonth = {},
OPTyear = {},
title = {Los certificados electr\'onicos },
OPTannote = {}
}
%========imagenes
@Misc{sai2,
  OPTkey = 	 {},
  author = 	 {},
  note = 	 {\url{https://todosai.com/blog/que-es-un-sai-tipos-de-sai-b31.html}[Ultimo acceso 29/diciembre/2020]},
  howpublished = {},
  OPTmonth = 	 {},
  OPTyear = 	 {},
  title = 	 {Tipos de SAI},
  OPTannote = 	 {}
}


%%%%%%%%%%%%%%%%%%%%%%%%%%%%%%%%%%%%%%%%%%%%%
%%%%%%%%%%%%%%%%%%%%%%%%%%%%%%%%%%%%%%%%%%%%%
%%%%%%%%%%%%%%%%%%%%%%%%%%%%%%%%%%%%%%%%%%%%%
%%%%%%%%%%%%%%%%%%%%%%%%%%%%%%%%%%%%%%%%%%%%%
%%%%%%%%%%%%%%%%%%%%%%%%%%%%%%%%%%%%%%%%%%%%%
%%                                                         EJMEPLOS
%%%%%%%%%%%%%%%%%%%%%%%%%%%%%%%%%%%%%%%%%%%%%
%%%%%%%%%%%%%%%%%%%%%%%%%%%%%%%%%%%%%%%%%%%%%
%%%%%%%%%%%%%%%%%%%%%%%%%%%%%%%%%%%%%%%%%%%%%
%%%%%%%%%%%%%%%%%%%%%%%%%%%%%%%%%%%%%%%%%%%%%
%%%%%%%%%%%%%%%%%%%%%%%%%%%%%%%%%%%%%%%%%%%%%
%%%%%%%%%%%%%%%%%%%%%%%%%%%%%%%%%%%%%%%%%%%%%




@Misc{ejemplo,
  OPTkey = 	 {},
  author = 	 {ejemplo},
  note = 	 {\url{https://es.wikipedia.org/wiki/Wikipedia:Portada} [Ultimo acceso 10/diciembre/2020]},
  howpublished = {},
  OPTmonth = 	 {},
  OPTyear = 	 {},
  title = 	 {},
  OPTannote = 	 {}
}

@InProceedings{lathoud04,
  author = 	 {G. Lathoud and I.A. McCowan and J.M. Odobez},
  title = 	 {Unsupervised location-based segmentation of multi-party speech},
  OPTcrossref =  {},
  OPTkey = 	 {},
  booktitle = {NIST ICASSP Meeting Recognition Workshop},
  OPTpages = 	 {},
  year = 	 {2004},
  OPTeditor = 	 {},
  OPTvolume = 	 {},
  OPTnumber = 	 {},
  OPTseries = 	 {},
  OPTaddress = 	 {},
  OPTmonth = 	 {},
  OPTorganization = {},
  OPTpublisher = {},
  OPTnote = 	 {},
  OPTannote = 	 {}
}

@Article{articulo,
  author = 	 {Gonzalo Sanchez},
  title = 	 {Temas candentes de la Ciberseguridad Un nuevo espacio lleno de inc\'ognitas},
  journal = 	 {IEEE Transactions on Acoustics, Speech and Signal processing},
  year = 	 1986,
  volume =	 {ASSPS-34},
  number =	 1,
  pages =	 {52-59},
  month =	 {February}
}

@TechReport{kochkin02,
  author = 	 {Sergei Kochkin and Tim Wickstrom},
  title = 	 {Headsets, Far Field and Handheld Microphones: Their Impact on Continuous Speech Recognition},
  institution =  {EMKAY, a division of Knowles Electronics},
  year = 	 {2002},
  OPTkey = 	 {},
  OPTtype = 	 {},
  OPTnumber = 	 {},
  OPTaddress = 	 {},
  OPTmonth = 	 {},
  OPTnote = 	 {},
  OPTannote = 	 {}
}

@Manual{nelson90,
  title = 	 {Document Preparation with \LaTeX},
  author =	 {Sam Nelson},
  organization = {University Of Stirling},
  month =	 {October},
  year =	 1990
}

@MastersThesis{varma02,
  author = 	 {Krishnaraj Varma},
  title = 	 {Time-Delay-Estimate Based Direction-of-Arrival Estimation for Speech in Reverberant Environments},
  school = 	 {Virginia Polytechnic Institute and State University},
  year = 	 {2002},
  OPTkey = 	 {},
  OPTtype = 	 {},
  OPTaddress = 	 {},
  OPTmonth = 	 {},
  OPTnote = 	 {},
  OPTannote = 	 {}
}
