@Misc{maldita,
  OPTkey = 	 {},
  author = 	 {Maldito Feminismo},
  note = 	 {\url{https://feminismo.maldita.es/articulos/las-mujeres-siguen-a-la-cola-en-las-carreras-tecnologicas-desde-el-2015-solo-uno-de-cada-cuatro-matriculados-en-estas-disciplinas-son-mujeres/} [Ultimo acceso 01/febrero/2021]},
  howpublished = {},
  OPTmonth = 	 {},
  OPTyear = 	 {},
  title = 	 {Las mujeres siguen a la cola en las carreras tecnol\'ogicas: desde el 2015 s\'olo uno de cada cuatro matriculados en estas disciplinas son mujeres},
  OPTannote = 	 {}
}
